@misc{fsf:gpl,
	author = "{Free Software Foundation}",
	title = "The GNU General Public License v3.0",
	year = "2007",
	url = "https://www.gnu.org/licenses/gpl.html",
	note = "[Online; opgevraagd op 14 augustus 2011]"
}

@misc{fsf:agpl,
	author = "{Free Software Foundation}",
	title = "GNU Affero General Public License",
	year = "2007",
	url = "https://www.gnu.org/licenses/agpl.html",
	note = "[Online; opgevraagd op 14 augustus 2011]"
}

@misc{fsf:categories,
	author = "{Free Software Foundation}",
	title = "Categories of free and nonfree software",
	year = "2011",
	url = "https://www.gnu.org/philosophy/categories.html",
	note = "[Online; opgevraagd op 14 augustus 2011]"
}

@misc{webowonder,
	author = "Paul Rouget",
	title = "Firefox 4 Web Demos: announcing Web Oâ€™ Wonder",
	year = "2011",
	url = "https://hacks.mozilla.org/2011/03/webowonder/",
	note = "[Online; opgevraagd op 15 augustus 2011]"
}

@misc{svn:javahl,
	author = "{Subversion authors}",
	title = "About JavaHL",
	year = "2011",
	url = "https://svn.apache.org/repos/asf/subversion/trunk/subversion/bindings/javahl/README",
	note = "[Online; opgevraagd op 15 augustus 2011]"
}

@misc{fsf:comments,
	author = "{Free Software Foundation}",
	title = "Various Licenses and Comments about Them",
	year = "2011",
	url = "https://www.gnu.org/licenses/license-list.html",
	note = "[Online; opgevraagd op 16 augustus 2011]"
}